<?xml version="1.0" encoding="UTF-8"?><collection xmlns="http://www.loc.gov/MARC21/slim"><record><leader>00393nam--2200133-i-4500</leader><controlfield tag="001">000041197</controlfield><controlfield tag="002">20161230</controlfield><controlfield tag="005">20161230201043</controlfield><controlfield tag="008">060222s1000------------r-----000-0-eng-d</controlfield><datafield ind1=" " ind2=" " tag="100"><subfield code="a">Seguier, Guy</subfield></datafield><datafield ind1=" " ind2=" " tag="245"><subfield code="a">Point symetrique a deux ou quatre redresseurs fonctionnant en commutateur electronique de mesure</subfield></datafield><datafield ind1=" " ind2=" " tag="260"><subfield code="a">Lille, Faculte Des Sciences, 1960, 134p</subfield></datafield><datafield ind1=" " ind2=" " tag="490"><subfield code="a">Dissert</subfield></datafield><datafield ind1=" " ind2=" " tag="852"><subfield code="a">19113</subfield></datafield></record></collection>